 RH01005CU9RD120523CL-20230511-14966                                                                                    
 610000001                  93001C/C EURO          W0100503213000000006492EUR110523C000000256202,59IT48                 
 620000001001110523110523C000000006000,0048                                           Bonifico SEPA Italia a Vs. favore 
 630000001001YYY11052023                TRASPORTI STEMA S R L S                           POBO:TRASPORTI STEMA S.R.L.S. 
 630000001001BO:ABICAB:0306972148TRN:0306926234592800487214872148IT        DAIMLER TRUCK FINANCIAL SERVICES ITALIA      
 630000001001ID1                                   U20H4L0GB2J8X16836388497570.5708747                                  
 630000001001RI1PAG ACCONTO RATE INSOLUTE CODICE CLIENTE 391449632 TRASPORTI STEMA SRL                                  
 630000001001RI2...                                 001006013SNZZ                                                       
 620000001002110523110523C000000001641,6748                                           Bonifico SEPA Italia a Vs. favore 
 630000001002YYY11052023                CESTARI MARA                                      POBO:Cestari Mara             
 630000001002BO:ABICAB:0306962533TRN:0306949420982808486253062530IT        DAIMLER TRUCK FINANCIAL SERVICES             
 630000001002ID1                                   -                                                                    
 630000001002RI1 contratto nr.2359224 rata 3 di 6                                                                       
 630000001002RI2...                                 001006013SNZZ                                                       
 620000001003110523110523C000000001118,6648                                           Bonifico SEPA Italia a Vs. favore 
 630000001003YYY11052023                PALADINO PASQUALE PALADINO PASQUALE                                             
 630000001003BO:ABICAB:0310440300TRN:2313035982485162484030040300IT        DAIMLER TRUCK FINANCIAL SERVICES ITALIA      
 630000001003ID1                                   0000028860478211484030040140IT                                       
 630000001003RI1OPZIONE RISCATTO CR 2423649                                                                             
 630000001003RI2...                                 001006013SNZZ                                                       
 620000001004110523110523C000000002316,1748                                           Bonifico SEPA Italia a Vs. favore 
 630000001004YYY11052023                F TRUCK S.R.L.                                                                  
 630000001004BO:ABICAB:0514240302TRN:5845803340000000484030040300IT        Daimler Truck Financial Service Italia       
 630000001004ID1                                   -                                                                    
 630000001004RI1Contratto 2580244 New Actros GD814LZ                                                                    
 630000001004RI2...                                 001006013SNZZ                                                       
 620000001005110523110523C000000000661,7648                                           Bonifico SEPA Italia a Vs. favore 
 630000001005YYY11052023                AMMATURO TRASPORTI S.R.L.                                                       
 630000001005BO:ABICAB:0514276460TRN:5837363341200000487646040040IT        Daimler Truck Financial Services Italia      
 630000001005ID1                                   -                                                                    
 630000001005RI1Tasse di Proprieta contratti n 2329592-2329594                                                          
 630000001005RI2...                                 001006013SNZZ                                                       
 620000001006110523110523C000000000288,6648                                           Bonifico SEPA Italia a Vs. favore 
 630000001006YYY11052023                MAR.ECO SRL  DESCRIZIONE ORDINANTE MANCANTE                                     
 630000001006BO:ABICAB:0538768970TRN:231300100097510-486897069060IT05387   DAIMLER TRUCK FINANCIAL SERIVCES  ITALIA     
 630000001006ID1                                   1180065485948654484868                                               
 630000001006RI1DIFFIDA X FT SOSPESE                                                                                    
 630000001006RI2...                                 001006013SNZZ                                                       
 620000001007110523110523C000000002465,7048                                           Bonifico SEPA Italia a Vs. favore 
 630000001007YYY11052023                LEM LINEA ECOLOGICA MANGIA S.R.L.                                               
 630000001007BO:ABICAB:0760103400TRN:EA23051003742709480340039780IT        DAIMLER TRUCK FINANCIAL SERVICE ITALIA S     
 630000001007ID1                                   NOT PROVIDED                                                         
 630000001007RI1PAGAMENTO INSOLUTI CONTRATTO N. 2451041 TARGA FS720JP                                                   
 630000001007RI2...                                 001006013SNZZ                                                       
 620000001008110523110523C000000016117,4348                                           Bonifico SEPA Italia a Vs. favore 
 630000001008YYY11052023                TRUCK WORLD DI PIRRELLO VALERIO                                                 
 630000001008BO:ABICAB:0604554460TRN:0000051138610004485446054660IT        DAIMLER TRUCK FINANCIAL SERVICE ITALIA S     
 630000001008ID1                                   120230510103840239BFN2YT87HFD0IEPXT                                  
 630000001008RI1SUPP CONTEGGIO PER ESTINZIONE ANTICIPATA DEL CONTRATTO DI LOCAZIONE N. 2382359                          
 630000001008RI2...                                 001006013SNZZ                                                       
 620000001009110523110523C000000003317,9448                                           Bonifico SEPA Italia a Vs. favore 
 630000001009YYY11052023                CAPRIOLI VIAGGI DI FRANZONI TERE SA E C.                                        
 630000001009BO:ABICAB:0867654230TRN:0867601025252308485423054230IT        Daimler Truck Financial Services Italia      
 630000001009ID1                                   -                                                                    
 630000001009RI1contratto n.2318533                                                                                     
 630000001009RI2...                                 001006013SNZZ                                                       
 620000001010110523110523C000000001460,0048                                           Bonifico SEPA Italia a Vs. favore 
 630000001010YYY11052023                AUTOTRASPORTI RADA DI MIRTCHEV TO                 00000 IT CESENA,47522,FC      
 630000001010BO:ABICAB:0627013199                                          DAIMLER TRUCK FSI                            
 630000001010ID1                                   NOTPROVIDED                                                          
 630000001010RI1CONTRATTO 0000000002513976 RATA 28-04-23                                                                
 630000001010RI2...                                 001006013SNZZ                                                       
 640000001EUR110523C000000291590,58C000000291590,58                                                      000564598092,00
 EF01005CU9RD120523CL-20230511-14966         0000001                              0000064                         000000
 RH02008CU9RD12052330654 10633722322 49                                                                                 
 610000001                  93001C/C             C/X0200805239000106337223EUR120523D000000000000,00IT77                 
 620000001001110523120523D000000000034,0016CO                                                                           
 630000001001COMMISSIONI - PROVVIGIONI - SPESE                 Commissioni e spese relative ad assegno impagato N       
 630000001001.  232833180 ABI  6230 CAB 66140                                                                           
 630000001001DA FILIALE  = 61155 AREA CORPORATE KEY CLIENTS CENTRO                                                      
 620000001002120523120523D000000006163,7355IA                                                                           
 630000001002:RA1:06230661400232833180 :MA3:EUR :IA1:6163,73 :DO1:230509 :MO1:PERVENUTO OLTRE I TERMINI                 
 620000001003120523120523C000000126171,6048BO                0920299495033555                                           
 630000001003YYY12052023                TRIVELLATO VEICOLI INDUSTRIALI S.R.L                                  VIA DEGLI 
 630000001003:E2E:389579 :BI2:BPAAIT2B :BE1:Daimler Truck Financial Services It :IB1:IT77X0200805239000106337223 :IB2:IT
 63000000100384T0585611801194571322126 :TID:1001231322033754 :DTE:230512 :DTN:DAIMLER TRUCK FINANCIAL SERVICES  ITALIA S
 630000001003.P.A. :ERI:EUR 000000012617160 :IM2:000000012617160 :MA2:EUR :RI3:TRIVELLATO VEICOLI INDUSTRIALI SRL - TEL.
 630000001003 628628 :ICO:00562420240 :SEC:SUPP :OR1:TRIVELLATO VEICOLI INDUSTRIALI S.R. L VIA DEGLI AVIERI 4 :IOR:VIA D
 620000001004120523120523C000000329088,1648BO                0920299368047480                                           
 630000001004YYY12052023                TRUCK ITALIA SPA                                                      VIA VIACCI
 630000001004:E2E:28812 :BI1:UNCRITMMXXX :BI2:UNCRITMM :BE1:DAIMLER TRUCK FINANCIAL SERVICES IT ALIA SPA :IB1:IT77X02008
 63000000100405239000106337223 :IB2:IT49W0200837831000030088768 :TID:1201231320576214 :DTE:230512 :DTN:DAIMLER TRUCK FIN
 630000001004ANCIAL SERVICES IT ALIA SPA :ERI:EUR 000000032908816 :IM2:000000032908816 :MA2:EUR :RI3:SDO TEL D11621+D088
 63000000100492+D10961+D10959 +D10940+669856 :ICO:05749120480 :ICB:16238271007 :SEC:SUPP :OR1:TRUCK ITALIA SPA VIA VIACC
 620000001005120523120523C000000380502,5948BO                0920299368048306                                           
 630000001005YYY12052023                MERBAG S.P.A.                                                         VIA GOTTLI
 630000001005:E2E:1  FT:6802001075-6802001139 :BI1:UNCRITMMXXX :BI2:UNCRITMM :BE1:DAIMLER TRUCK FINANCIAL SERVICES IT AL
 630000001005IA S P A :IB1:IT77X0200805239000106337223 :IB2:IT64Y0200805364000102153392 :TID:1201231320588017 :DTE:23051
 6300000010052 :DTN:DAIMLER TRUCK FINANCIAL SERVICES IT ALIA S P A :ERI:EUR 000000038050259 :IM2:000000038050259 :MA2:EU
 630000001005R :RI3:Unstructured :SEC:OTHR :OR1:MERBAG S.P.A. VIA GOTTLIEB WILH.DAIMLER 1 MILANO :LOR:MI :CFP:1283913015
 620000001006120523120523C000000031719,2448BO                0920299368049562                                           
 630000001006YYY12052023                COMER SUD S.P.A.                                                      VIA MELILL
 630000001006:E2E:244224 :BI1:UNCRITMMXXX :BI2:UNCRITMM :BE1:DAIMLER TRUCK FINANCIAL SERVICES IT ALIA S.P.A. :IB1:IT77X0
 630000001006200805239000106337223 :IB2:IT67Q0200816911000102867937 :TID:1201231320604907 :DTE:230512 :DTN:DAIMLER TRUCK
 630000001006 FINANCIAL SERVICES IT ALIA S.P.A. :ERI:EUR 000000003171924 :IM2:000000003171924 :MA2:EUR :RI3:COMER SUD S.
 630000001006P.A. - V.N.-Telaio: TYB FEA01BLDD06008 :ICO:01119900874 :ICB:16238271007 :SEC:SUPP :OR1:COMER SUD S.P.A. VI
 620000001007120523120523C000000002320,00Z2VC                3602949538000009                                           
 630000001007VERSAM. DA CASSA CONTINUA/FLASH                   VERSAMENTO                                               
 630000001007DA FILIALE  = 36029 ROMA PIGNETO                                                                           
 620000001008120523120523D000000027166,8026BC                                NROSUPCBI1000226415                        
 630000001008:IDA:1000226415 :AB2:02008 :AD1:2716670 :AD2:2716670 :BI2:UNCRITMMXXX :CAI:BO :CAU:BONIFICO :CB2:05239 :CHA
 630000001008:ELBA :CO1:000106337223 :DI1:00086514010 :DTE:230512 :DT6:230512 :DTN:A FAVORE NOMINATIVI DIVERSI :ERI:EUR 
 630000001008000000002716670 :IM1:2716680 :ISP:10 :MA1:EUR :IB2:IT77X0200805239000106337223 :NM1:2 :NM2:2 :OR1:DAIMLER T
 630000001008RUCK FINANCIAL SERVIC :SC1:30654 :ISC:10                                                                   
 620000001009120523120523D000000386910,9526BC                                NROSUPCBI1000226213                        
 630000001009:IDA:1000226213 :AB2:02008 :AD1:38691080 :AD2:38691080 :BI2:UNCRITMMXXX :CAI:BO :CAU:BONIFICO :CB2:05239 :C
 630000001009HA:ELBA :CO1:000106337223 :DI1:00086514009 :DTE:230512 :DT6:230512 :DTN:A FAVORE NOMINATIVI DIVERSI :ERI:EU
 630000001009R 000000038691080 :IM1:38691095 :ISP:15 :MA1:EUR :IB2:IT77X0200805239000106337223 :NM1:3 :NM2:3 :OR1:DAIMLE
 630000001009R TRUCK FINANCIAL SERVIC :SC1:30654 :ISC:15                                                                
 620000001010120523120523D000000394426,1726BC                                NROSUPCBI1000226213                        
 630000001010:IDA:1000226213 :AB2:02008 :AD1:39442602 :AD2:39442602 :BI2:UNCRITMMXXX :CAI:BO :CAU:BONIFICO :CB2:05239 :C
 630000001010HA:ELBA :CO1:000106337223 :DI1:00086514008 :DTE:230512 :DT6:230512 :DTN:A FAVORE NOMINATIVI DIVERSI :ERI:EU
 630000001010R 000000039442602 :IM1:39442617 :ISP:15 :MA1:EUR :IB2:IT77X0200805239000106337223 :NM1:3 :NM2:3 :OR1:DAIMLE
 630000001010R TRUCK FINANCIAL SERVIC :SC1:30654 :ISC:15                                                                
 620000001011120523120523D000000007352,0126BC                                NROSUPCBI1000226415                        
 630000001011:IDA:1000226415 :AB2:02008 :AD1:735166 :AD2:735166 :BI2:UNCRITMMXXX :CAI:BO :CAU:BONIFICO :CB2:05239 :CHA:E
 630000001011LBA :CO1:000106337223 :DI1:00086514011 :DTE:230512 :DT6:230512 :DTN:A FAVORE NOMINATIVI DIVERSI :ERI:EUR 00
 6300000010110000000735166 :IM1:735201 :ISP:35 :MA1:EUR :IB2:IT77X0200805239000106337223 :NM1:7 :NM2:7 :OR1:DAIMLER TRUC
 630000001011K FINANCIAL SERVIC :SC1:30654 :ISC:35                                                                      
 620000001012050523120523C000000002868,50Z1ZJ                                                                           
 630000001012GIROCONTO CASH POOLING INTERNAZIONALE             DISPOSIZIONE PER INTL. CASH POOLING ZBS                  
 630000001012GIRO DA 30654/0000106337223 A 09202/0000030062305 INTESTATO A UNICREDIT BANK AG                            
 630000001012COUNTERPARTY DE32700202700033390360                                                                        
 620000001013080523120523C000000005173,12Z1ZJ                                                                           
 630000001013GIROCONTO CASH POOLING INTERNAZIONALE             DISPOSIZIONE PER INTL. CASH POOLING ZBS                  
 630000001013GIRO DA 30654/0000106337223 A 09202/0000030062305 INTESTATO A UNICREDIT BANK AG                            
 630000001013COUNTERPARTY DE32700202700033390360                                                                        
 620000001014100523120523C000000001405,86Z1ZJ                                                                           
 630000001014GIROCONTO CASH POOLING INTERNAZIONALE             DISPOSIZIONE PER INTL. CASH POOLING ZBS                  
 630000001014GIRO DA 30654/0000106337223 A 09202/0000030062305 INTESTATO A UNICREDIT BANK AG                            
 630000001014COUNTERPARTY DE32700202700033390360                                                                        
 620000001015110523120523C000000010030,49Z1ZJ                                                                           
 630000001015GIROCONTO CASH POOLING INTERNAZIONALE             DISPOSIZIONE PER INTL. CASH POOLING ZBS                  
 630000001015GIRO DA 30654/0000106337223 A 09202/0000030062305 INTESTATO A UNICREDIT BANK AG                            
 630000001015COUNTERPARTY DE32700202700033390360                                                                        
 620000001016120523120523C000000822117,21Z1ZJ                                                                           
 630000001016GIROCONTO CASH POOLING INTERNAZIONALE             DISPOSIZIONE PER INTL. CASH POOLING ZBS                  
 630000001016GIRO DA 30654/0000106337223 A 09202/0000030062305 INTESTATO A UNICREDIT BANK AG                            
 630000001016COUNTERPARTY DE32700202700033390360                                                                        
 620000001017120523120523D000001442214,05Z1ZJ                                                                           
 630000001017GIROCONTO CASH POOLING INTERNAZIONALE             DISPOSIZIONE PER INTL. CASH POOLING ZBS                  
 630000001017GIRO DA 30654/0000106337223 A 09202/0000030062305 INTESTATO A UNICREDIT BANK AG                            
 630000001017COUNTERPARTY DE32700202700033390360                                                                        
 620000001018120523120523D000000000000,4016W5                                                                           
 630000001018:IPC:W5 :SCH:COR :CID:IT39ZZZ0000016238271007 :BBD:0 :UCR:DTFS Italia S.p.A :TP1:01 :TP2:BLK :CUC:1808147M 
 630000001018:LF0:DOMESTIC :MSG:1000226516 :IBR:DDX230508UCC00000092896 :PYF:1000226617 :CRI:IT77X0200805239000106337223
 620000001019120523120523D000000000038,0516W5                                                                           
 630000001019:IPC:W5 :SCH:COR :CID:IT39ZZZ0000016238271007 :BBD:0 :UCR:DTFS Italia S.p.A :TP1:01 :TP2:BLK :CUC:1808147M 
 630000001019:LF0:DOMESTIC :MSG:1000226516 :IBR:DDX230508UCC00000092895 :PYF:1000226718 :CRI:IT77X0200805239000106337223
 620000001020120523120523D000000000001,0016W5                                                                           
 630000001020:IPC:W5 :SCH:COR :CID:IT39ZZZ0000016238271007 :BBD:0 :UCR:DTFS Italia S.p.A :TP1:01 :TP2:BLK :CUC:1808147M 
 630000001020:LF0:DOMESTIC :MSG:1000226516 :IBR:DDX230508UCC00000092898 :PYF:1000226819 :CRI:IT77X0200805239000106337223
 620000001021120523120523D000000000052,6016W5                                                                           
 630000001021:IPC:W5 :SCH:COR :CID:IT39ZZZ0000016238271007 :BBD:0 :UCR:DTFS Italia S.p.A :TP1:01 :TP2:BLK :CUC:1808147M 
 630000001021:LF0:DOMESTIC :MSG:1000226516 :IBR:DDX230508UCC00000092897 :PYF:1000226920 :CRI:IT77X0200805239000106337223
 620000001022120523120523D000000000000,5016X0                                                                           
 630000001022:IPC:X0 :SCH:COR :CID:IT39ZZZ0000016238271007 :EE1:3700041348 :TRN:DD3230428UCC002520400100000508 :IDM:7407
 63000000102214391339955-0001 :RIF:3700041348-2023 :TTC:RCUR :UCR:DTFS Italia S.p.A :DEB:ICRAITRRROM :DEI:IT14W083277395
 6300000010220000000003924 :DEN:M.S. S.R.L. :TP1:04 :TP2:SNG :CUC:1808147M :LF0:DOMESTIC :MSG:1000217819 :CRI:IT77X02008
 63000000102205239000106337223 :RMG:RETURN :TRC:AG01                                                                    
 620000001023120523120523D000000000000,5016X0                                                                           
 630000001023:IPC:X0 :SCH:COR :CID:IT39ZZZ0000016238271007 :EE1:3700042079 :TRN:DD3230503UCC004459300100001239 :IDM:7407
 63000000102314391209569-0001 :RIF:3700042079-2023 :TTC:RCUR :UCR:DTFS Italia S.p.A :DEB:BCITITMMXXX :DEI:IT60V030694016
 6300000010234100000005764 :DEN:F.LLI BATTIMIELLO S.R.L. :TP1:04 :TP2:SNG :CUC:1808147M :LF0:DOMESTIC :MSG:1000219720 :C
 630000001023RI:IT77X0200805239000106337223 :RMG:RETURN :TRC:AM04                                                       
 620000001024120523120523D000000000000,5016X0                                                                           
 630000001024:IPC:X0 :SCH:COR :CID:IT39ZZZ0000016238271007 :EE1:3700042078 :TRN:DD3230503UCC004459300100001238 :IDM:7407
 63000000102414391209569-0001 :RIF:3700042078-2023 :TTC:RCUR :UCR:DTFS Italia S.p.A :DEB:BCITITMMXXX :DEI:IT60V030694016
 6300000010244100000005764 :DEN:F.LLI BATTIMIELLO S.R.L. :TP1:04 :TP2:SNG :CUC:1808147M :LF0:DOMESTIC :MSG:1000219720 :C
 630000001024RI:IT77X0200805239000106337223 :RMG:RETURN :TRC:AM04                                                       
 620000001025120523120523D000000000000,5016X0                                                                           
 630000001025:IPC:X0 :SCH:COR :CID:IT39ZZZ0000016238271007 :EE1:3700042914 :TRN:DD3230503UCC004459300100000518 :IDM:CU9R
 630000001025D4391670777-0004 :RIF:3700042914-2023 :TTC:RCUR :UCR:DTFS Italia S.p.A :DEB:POPRIT31036 :DEI:IT75L050368476
 6300000010250T20360360001 :DEN:COMUNE DI PALAZZOLO ACREIDE :TP1:04 :TP2:SNG :CUC:1808147M :LF0:DOMESTIC :MSG:1000219720
 630000001025 :CRI:IT77X0200805239000106337223 :RMG:RETURN :TRC:MD01                                                    
 620000001026120523120523D000000000000,5016X0                                                                           
 630000001026:IPC:X0 :SCH:COR :CID:IT39ZZZ0000016238271007 :EE1:3700042913 :TRN:DD3230503UCC004459300100000517 :IDM:CU9R
 630000001026D4391670777-0004 :RIF:3700042913-2023 :TTC:RCUR :UCR:DTFS Italia S.p.A :DEB:POPRIT31036 :DEI:IT75L050368476
 6300000010260T20360360001 :DEN:COMUNE DI PALAZZOLO ACREIDE :TP1:04 :TP2:SNG :CUC:1808147M :LF0:DOMESTIC :MSG:1000219720
 630000001026 :CRI:IT77X0200805239000106337223 :RMG:RETURN :TRC:MD01                                                    
 620000001027120523120523D000000000000,5016X0                                                                           
 630000001027:IPC:X0 :SCH:COR :CID:IT39ZZZ0000016238271007 :EE1:3700041453 :TRN:DD3230428UCC002520400100000212 :IDM:CU9R
 630000001027D4391467600-0005 :RIF:3700041453-2023 :TTC:RCUR :UCR:DTFS Italia S.p.A :DEB:BAFUITRRXXX :DEI:IT31C031241690
 6300000010270000000003100 :DEN:ECOLANDIA S.R.L. :TP1:04 :TP2:SNG :CUC:1808147M :LF0:DOMESTIC :MSG:1000217819 :CRI:IT77X
 6300000010270200805239000106337223 :RMG:RETURN :TRC:AM04                                                               
 620000001028120523120523D000000000000,5016X0                                                                           
 630000001028:IPC:X0 :SCH:COR :CID:IT39ZZZ0000016238271007 :EE1:3700043193 :TRN:DD3230503UCC004459300100000007 :IDM:CU9R
 630000001028D4391800640-0001 :RIF:3700043193-2023 :TTC:FRST :UCR:DTFS Italia S.p.A :DEB:BCPCIT2PXXX :DEI:IT12I051561260
 6300000010280CC0000044564 :DEN:EUROSTYLE SRL :TP1:04 :TP2:SNG :CUC:1808147M :LF0:DOMESTIC :MSG:1000219720 :CRI:IT77X020
 6300000010280805239000106337223 :RMG:RETURN :TRC:AM04                                                                  
 620000001029120523120523D000000000000,5016X0                                                                           
 630000001029:IPC:X0 :SCH:COR :CID:IT39ZZZ0000016238271007 :EE1:3700042291 :TRN:DD3230503UCC004459300100001271 :IDM:7407
 63000000102914391292730-0001 :RIF:3700042291-2023 :TTC:RCUR :UCR:DTFS Italia S.p.A :DEB:BAPPIT21T75 :DEI:IT29Z050347120
 6300000010292000000000624 :DEN:GIULIANI FEDERICO :TP1:04 :TP2:SNG :CUC:1808147M :LF0:DOMESTIC :MSG:1000219720 :CRI:IT77
 630000001029X0200805239000106337223 :RMG:REFUND :TRC:MD06                                                              
 620000001030120523120523D000000000000,5016X0                                                                           
 630000001030:IPC:X0 :SCH:COR :CID:IT39ZZZ0000016238271007 :EE1:3700046054 :TRN:DD3230512UCC001965500100000259 :IDM:CU9R
 630000001030D4391252449-0002 :TTC:RCUR :UCR:DTFS Italia S.p.A :DEB:UNCRITM1B30 :DEI:IT87O0200805081000420931591 :DEN:ME
 630000001030RCURI MARCO :SEC:OTHR :TP1:04 :TP2:SNG :CUC:1808147M :LF0:DOMESTIC :MSG:1000226516 :CRI:IT77X02008052390001
 63000000103006337223 :RMG:REJECT :TRC:MD01                                                                             
 620000001031120523120523D000000000000,5016X0                                                                           
 630000001031:IPC:X0 :SCH:COR :CID:IT39ZZZ0000016238271007 :EE1:3700042489 :TRN:DD3230503UCC004459300100001004 :IDM:7407
 63000000103114391404354-0002 :RIF:3700042489-2023 :TTC:RCUR :UCR:DTFS Italia S.p.A :DEB:UNCRITM1K66 :DEI:IT65L020081651
 6300000010311000300644132 :DEN:CAMPAGNA SALVATORE GIOVANNI SOCIETA :SEC:OTHR :TP1:04 :TP2:SNG :CUC:1808147M :LF0:DOMEST
 630000001031IC :MSG:1000219720 :CRI:IT77X0200805239000106337223 :RMG:RETURN :TRC:AM04                                  
 620000001032120523120523D000000000000,5016X0                                                                           
 630000001032:IPC:X0 :SCH:COR :CID:IT39ZZZ0000016238271007 :EE1:3700042490 :TRN:DD3230503UCC004459300100001005 :IDM:7407
 63000000103214391404354-0002 :RIF:3700042490-2023 :TTC:RCUR :UCR:DTFS Italia S.p.A :DEB:UNCRITM1K66 :DEI:IT65L020081651
 6300000010321000300644132 :DEN:CAMPAGNA SALVATORE GIOVANNI SOCIETA :SEC:OTHR :TP1:04 :TP2:SNG :CUC:1808147M :LF0:DOMEST
 630000001032IC :MSG:1000219720 :CRI:IT77X0200805239000106337223 :RMG:RETURN :TRC:AM04                                  
 620000001033120523120523C000000494656,5056X8                                                                           
 630000001033:IPC:X8 :SCH:COR :CID:IT39ZZZ0000016238271007 :UCR:DTFS Italia S.p.A :BBD:265 :TP1:01 :TP2:BLK :CUC:1808147
 630000001033M :LF0:DOMESTIC :MSG:1000222007 :IBR:DDX230505UCC0000018479 :PYF:4 :CRI:IT77X0200805239000106337223        
 620000001034120523120523C000000002403,9156X8                                                                           
 630000001034:IPC:X8 :SCH:COR :CID:IT39ZZZ0000016238271007 :UCR:DTFS Italia S.p.A :BBD:1 :TP1:01 :TP2:BLK :CUC:1808147M 
 630000001034:LF0:DOMESTIC :MSG:1000222007 :IBR:DDX230505UCC0000018476 :PYF:1 :CRI:IT77X0200805239000106337223          
 620000001035120523120523C000000075352,0556X8                                                                           
 630000001035:IPC:X8 :SCH:B2B :CID:IT39ZZZ0000016238271007 :UCR:DTFS Italia S.p.A :BBD:5 :TP1:01 :TP2:BLK :CUC:1808147M 
 630000001035:LF0:DOMESTIC :MSG:1000223917 :IBR:DDX230508UCC00000121044 :PYF:1000224009 :CRI:IT77X0200805239000106337223
 620000001036080523120523D000000002007,94Z9X9                                                                           
 630000001036:RMG:RETURN :TRC:AG01 :IPC:X9 :SCH:COR :CID:IT39ZZZ0000016238271007 :TTC:RCUR :RIF:3700041348-2023 :EE1:370
 6300000010360041348 :TRN:DD3230428UCC002520400100000508 :IDM:740714391339955-0001 :DEB:ICRAITRRROM :DEI:IT14W0832773950
 630000001036000000003924 :DEN:M.S. S.R.L. :UCR:DTFS Italia S.p.A :TP1:04 :TP2:SNG :CUC:1808147M :LF0:DOMESTIC :MSG:1000
 630000001036217819 :CRI:IT77X0200805239000106337223                                                                    
 620000001037110523120523D000000002594,33Z9X9                                                                           
 630000001037:RMG:RETURN :TRC:AM04 :IPC:X9 :SCH:COR :CID:IT39ZZZ0000016238271007 :TTC:RCUR :RIF:3700042079-2023 :EE1:370
 6300000010370042079 :TRN:DD3230503UCC004459300100001239 :IDM:740714391209569-0001 :DEB:BCITITMMXXX :DEI:IT60V0306940164
 630000001037100000005764 :DEN:F.LLI BATTIMIELLO S.R.L. :UCR:DTFS Italia S.p.A :TP1:04 :TP2:SNG :CUC:1808147M :LF0:DOMES
 630000001037TIC :MSG:1000219720 :CRI:IT77X0200805239000106337223                                                       
 620000001038110523120523D000000002594,33Z9X9                                                                           
 630000001038:RMG:RETURN :TRC:AM04 :IPC:X9 :SCH:COR :CID:IT39ZZZ0000016238271007 :TTC:RCUR :RIF:3700042078-2023 :EE1:370
 6300000010380042078 :TRN:DD3230503UCC004459300100001238 :IDM:740714391209569-0001 :DEB:BCITITMMXXX :DEI:IT60V0306940164
 630000001038100000005764 :DEN:F.LLI BATTIMIELLO S.R.L. :UCR:DTFS Italia S.p.A :TP1:04 :TP2:SNG :CUC:1808147M :LF0:DOMES
 630000001038TIC :MSG:1000219720 :CRI:IT77X0200805239000106337223                                                       
 620000001039080523120523D000000000449,49Z9X9                                                                           
 630000001039:RMG:RETURN :TRC:MD01 :IPC:X9 :SCH:COR :CID:IT39ZZZ0000016238271007 :TTC:RCUR :RIF:3700042914-2023 :EE1:370
 6300000010390042914 :TRN:DD3230503UCC004459300100000518 :IDM:CU9RD4391670777-0004 :DEB:POPRIT31036 :DEI:IT75L0503684760
 630000001039T20360360001 :DEN:COMUNE DI PALAZZOLO ACREIDE :UCR:DTFS Italia S.p.A :TP1:04 :TP2:SNG :CUC:1808147M :LF0:DO
 630000001039MESTIC :MSG:1000219720 :CRI:IT77X0200805239000106337223                                                    
 620000001040080523120523D000000002715,69Z9X9                                                                           
 630000001040:RMG:RETURN :TRC:MD01 :IPC:X9 :SCH:COR :CID:IT39ZZZ0000016238271007 :TTC:RCUR :RIF:3700042913-2023 :EE1:370
 6300000010400042913 :TRN:DD3230503UCC004459300100000517 :IDM:CU9RD4391670777-0004 :DEB:POPRIT31036 :DEI:IT75L0503684760
 630000001040T20360360001 :DEN:COMUNE DI PALAZZOLO ACREIDE :UCR:DTFS Italia S.p.A :TP1:04 :TP2:SNG :CUC:1808147M :LF0:DO
 630000001040MESTIC :MSG:1000219720 :CRI:IT77X0200805239000106337223                                                    
 620000001041050523120523D000000002868,50Z9X9                                                                           
 630000001041:RMG:RETURN :TRC:AM04 :IPC:X9 :SCH:COR :CID:IT39ZZZ0000016238271007 :TTC:RCUR :RIF:3700041453-2023 :EE1:370
 6300000010410041453 :TRN:DD3230428UCC002520400100000212 :IDM:CU9RD4391467600-0005 :DEB:BAFUITRRXXX :DEI:IT31C0312416900
 630000001041000000003100 :DEN:ECOLANDIA S.R.L. :UCR:DTFS Italia S.p.A :TP1:04 :TP2:SNG :CUC:1808147M :LF0:DOMESTIC :MSG
 630000001041:1000217819 :CRI:IT77X0200805239000106337223                                                               
 620000001042110523120523D000000002808,27Z9X9                                                                           
 630000001042:RMG:RETURN :TRC:AM04 :IPC:X9 :SCH:COR :CID:IT39ZZZ0000016238271007 :TTC:FRST :RIF:3700043193-2023 :EE1:370
 6300000010420043193 :TRN:DD3230503UCC004459300100000007 :IDM:CU9RD4391800640-0001 :DEB:BCPCIT2PXXX :DEI:IT12I0515612600
 630000001042CC0000044564 :DEN:EUROSTYLE SRL :UCR:DTFS Italia S.p.A :TP1:04 :TP2:SNG :CUC:1808147M :LF0:DOMESTIC :MSG:10
 63000000104200219720 :CRI:IT77X0200805239000106337223                                                                  
 620000001043110523120523D000000001999,56Z9X9                                                                           
 630000001043:RMG:REFUND :TRC:MD06 :IPC:X9 :SCH:COR :CID:IT39ZZZ0000016238271007 :TTC:RCUR :RIF:3700042291-2023 :EE1:370
 6300000010430042291 :TRN:DD3230503UCC004459300100001271 :IDM:740714391292730-0001 :DEB:BAPPIT21T75 :DEI:IT29Z0503471202
 630000001043000000000624 :DEN:GIULIANI FEDERICO :UCR:DTFS Italia S.p.A :TP1:04 :TP2:SNG :CUC:1808147M :LF0:DOMESTIC :MS
 630000001043G:1000219720 :CRI:IT77X0200805239000106337223                                                              
 620000001044100523120523D000000001224,27Z9X9                                                                           
 630000001044:RMG:RETURN :TRC:AM04 :IPC:X9 :SCH:COR :CID:IT39ZZZ0000016238271007 :TTC:RCUR :RIF:3700042489-2023 :EE1:370
 6300000010440042489 :TRN:DD3230503UCC004459300100001004 :IDM:740714391404354-0002 :DEB:UNCRITM1K66 :DEI:IT65L0200816511
 630000001044000300644132 :DEN:CAMPAGNA SALVATORE GIOVANNI SOCIETA :UCR:DTFS Italia S.p.A :SEC:OTHR :TP1:04 :TP2:SNG :CU
 630000001044C:1808147M :LF0:DOMESTIC :MSG:1000219720 :CRI:IT77X0200805239000106337223                                  
 620000001045100523120523D000000000181,59Z9X9                                                                           
 630000001045:RMG:RETURN :TRC:AM04 :IPC:X9 :SCH:COR :CID:IT39ZZZ0000016238271007 :TTC:RCUR :RIF:3700042490-2023 :EE1:370
 6300000010450042490 :TRN:DD3230503UCC004459300100001005 :IDM:740714391404354-0002 :DEB:UNCRITM1K66 :DEI:IT65L0200816511
 630000001045000300644132 :DEN:CAMPAGNA SALVATORE GIOVANNI SOCIETA :UCR:DTFS Italia S.p.A :SEC:OTHR :TP1:04 :TP2:SNG :CU
 630000001045C:1808147M :LF0:DOMESTIC :MSG:1000219720 :CRI:IT77X0200805239000106337223                                  
 640000001EUR120523D000000000000,00D000000000000,00                                                                     
 650000001130523D000000000000,00140523D000000000000,00150523D000000000000,00160523D000000000000,00170523D000000000000,00
 EF02008CU9RD12052330654 10633722322 49      0000001                              0000208                               
